<record><leader>00000cas a22000007a 4500</leader><controlfield tag="001">14687259</controlfield><controlfield tag="008">861107d18691938wiuwr ne      0    0eng d</controlfield><datafield ind1=" " ind2=" " tag="010"><subfield code="a">sn 86086770 </subfield></datafield><datafield ind1=" " ind2=" " tag="040"><subfield code="a">NPV</subfield><subfield code="b">eng</subfield><subfield code="c">NPV</subfield><subfield code="d">NVF</subfield><subfield code="d">OCLCQ</subfield><subfield code="d">OCLCF</subfield><subfield code="d">OCLCO</subfield></datafield><datafield ind1="1" ind2=" " tag="029"><subfield code="a">AU@</subfield><subfield code="b">000025831593</subfield></datafield><datafield ind1=" " ind2=" " tag="042"><subfield code="a">msc</subfield></datafield><datafield ind1=" " ind2=" " tag="043"><subfield code="a">n-us-wi</subfield></datafield><datafield ind1="0" ind2=" " tag="130"><subfield code="a">Mineral Point tribune (Mineral Point, Wis. : 1869)</subfield></datafield><datafield ind1="1" ind2="0" tag="245"><subfield code="a">Mineral Point tribune.</subfield></datafield><datafield ind1="3" ind2="0" tag="246"><subfield code="a">Tribune</subfield></datafield><datafield ind1=" " ind2=" " tag="260"><subfield code="a">Mineral Point, Wis. :</subfield><subfield code="b">Bliss &amp; Son,</subfield><subfield code="c">1869-1938.</subfield></datafield><datafield ind1=" " ind2=" " tag="300"><subfield code="a">v.</subfield></datafield><datafield ind1=" " ind2=" " tag="310"><subfield code="a">Weekly</subfield></datafield><datafield ind1="0" ind2=" " tag="362"><subfield code="a">Vol. 22, no. 1 (Jan. 6, 1869)-v. 91, no. 49 (Dec. 8, 1938).</subfield></datafield><datafield ind1=" " ind2=" " tag="500"><subfield code="a">Publisher varies.</subfield></datafield><datafield ind1=" " ind2="0" tag="651"><subfield code="a">Mineral Point (Wis.)</subfield><subfield code="v">Newspapers.</subfield></datafield><datafield ind1=" " ind2="7" tag="655"><subfield code="a">Newspapers.</subfield><subfield code="2">fast</subfield><subfield code="0">(OCoLC)fst01423814</subfield></datafield><datafield ind1=" " ind2="7" tag="651"><subfield code="a">Wisconsin</subfield><subfield code="z">Mineral Point.</subfield><subfield code="2">fast</subfield><subfield code="0">(OCoLC)fst01228464</subfield></datafield><datafield ind1=" " ind2=" " tag="752"><subfield code="a">United States</subfield><subfield code="b">Wisconsin</subfield><subfield code="c">Iowa</subfield><subfield code="d">Mineral Point.</subfield></datafield><datafield ind1="0" ind2="0" tag="780"><subfield code="t">Mineral Point weekly tribune</subfield><subfield code="w">(DLC)sn 86086769</subfield></datafield><datafield ind1="0" ind2="7" tag="785"><subfield code="t">Iowa County democrat</subfield><subfield code="w">(DLC)sn 86086852</subfield></datafield><datafield ind1="0" ind2="7" tag="785"><subfield code="t">Iowa County democrat and the Mineral Point tribune</subfield><subfield code="w">(DLC)sn 86086853</subfield></datafield></record>